@inproceedings{denis2018,
    title = {Uma abordagem linguística para sistemas de Perguntas e Respostas Curtas},
    author = {Denis de Araujo and Alencar Hentges and Sandro Rigo},
    booktitle={{Simpósio Brasileiro de Sistemas de Informação, Caxias do Sul/RS}},
    year ={2018},
    publisher={SBSI}
}

@inproceedings{turian2010word,
  title={Word representations: a simple and general method for semi-supervised learning},
  author={Turian, Joseph and Ratinov, Lev and Bengio, Yoshua},
  booktitle={Proceedings of the 48th annual meeting of the association for computational linguistics},
  pages={384--394},
  year={2010},
  organization={Association for Computational Linguistics}
}


@inproceeding{querido2017lx,
title={LX-LR4DistSemEval: a collection of language resources for the evaluation of distributional semantic models of Portuguese}, 
address={Revista da Associação Portuguesa de Linguística},
number={3},
author={Querido, Andreia and Carvalho, Rita and Rodrigues João and Garcia, Marcos and Silva João and Correia, Catarina and Rendeiro, Nuno and Pereira, Rita and Campos, Marisa and Branco António},
year={2017}, 
month={Set.}, 
pages={265-283},
journal={apl}
}

@book{wazlawick2017metodologia,
  title={Metodologia de pesquisa para ci{\^e}ncia da computa{\c{c}}{\~a}o},
  author={Wazlawick, Raul},
  volume={2},
  year={2017},
  address={Rio de Janeiro},
  publisher={Elsevier Brasil}
}

@book{gil2002elaborar,
  title={Como elaborar projetos de pesquisa},
  author={Gil, Antonio Carlos},
  address={S{\~a}o Paulo},
  volume={5},
  number={61},
  pages={16--17},
  year={2002},
  publisher="Atlas"
}

@book{koche2016fundamentos,
  title={Fundamentos de metodologia cient{\'\i}fica},
  author={K{\"o}che, Jos{\'e} Carlos},
  year={2016},
  publisher={Editora Vozes}
}

@inproceedings{Pawar2018CalculatingTS,
  author    = {Atish Pawar and
               Vijay Mago},
  title     = {Calculating the similarity between words and sentences using a lexical
               database and corpus statistics},
  journal   = {CoRR},
  volume    = {abs/1802.05667},
  year      = {2018},
  url       = {http://arxiv.org/abs/1802.05667},
  archivePrefix = {arXiv},
  eprint    = {1802.05667},
  timestamp = {Mon, 13 Aug 2018 16:46:58 +0200},
  biburl    = {https://dblp.org/rec/bib/journals/corr/abs-1802-05667},
  publisher = {dblp computer science bibliography}
}




@inproceedings{SRAVANTHI2017SemanticSB,
  title={Semantic Similarity between Sentences},
  author={Sravanthi, Pantulkar and Srinivasu, B},
  booktitle={International Research Journal of Engineering and Technology (IRJET)},
  publisher={IRJET},
  volume={4},
  number={1},
  pages={156--161},
  year={2017}
}

@inproceedings{Ruder2017ASO,
  title={A Survey Of Cross-lingual Word Embedding Models},
  author={Sebastian Ruder and Ivan Vuli'c and Anders Sogaard},
  year={2017}
}

@inproceedings{Peters:2018,
  author    = {Matthew E. Peters and
               Mark Neumann and
               Mohit Iyyer and
               Matt Gardner and
               Christopher Clark and
               Kenton Lee and
               Luke Zettlemoyer},
  title     = {Deep Contextualized Word Representations},
  booktitle = {Proceedings of the 2018 Conference of the North American Chapter of the Association for Computational Linguistics: Human Language Technologies},
  volume = 1,
  address = {New Orleans, Louisiana, USA},
  pages     = {2227--2237},
  year      = {2018},
  publisher = {Association for Computational Linguistics}
}

@inproceedings{DBLP:journals/corr/abs-1708-02709,
  author    = {Tom Young and
               Devamanyu Hazarika and
               Soujanya Poria and
               Erik Cambria},
  title     = {Recent Trends in Deep Learning Based Natural Language Processing},
  booktitle   = {CoRR},
  volume    = {abs/1708.02709},
  year      = {2017},
  url       = {http://arxiv.org/abs/1708.02709},
  archivePrefix = {arXiv},
  eprint    = {1708.02709},
  timestamp = {Mon, 13 Aug 2018 16:46:22 +0200},
  biburl    = {https://dblp.org/rec/bib/journals/corr/abs-1708-02709},
  publisher = {dblp computer science bibliography}
}


@inproceedings{devlin2018bert,
  author={Devlin, Jacob and Chang, Ming-Wei and Lee, Kenton and Toutanova, Kristina},
  title={BERT: Pre-training of Deep Bidirectional Transformers for Language Understanding},
  booktitle   = {CoRR},
  volume    = {abs/1810.04805},
  year      = {2018},
  publisher = {dblp computer science bibliography}
}

@inproceedings{meng2014measuring,
  title={Measuring semantic similarity of word pairs using path and information content},
  author={Meng, Lingling and Huang, Runqing and Gu, Junzhong},
  booktitle={Int. J. Future Gener. Commun. Netw},
  volume={7},
  number={3},
  pages={183--194},
  year={2014},
  publisher={SERSC}
}

@inproceedings{DBLP:journals/corr/abs-1301-3781,
  author    = {Tomas Mikolov and
               Kai Chen and
               Greg Corrado and
               Jeffrey Dean},
  title     = {Efficient Estimation of Word Representations in Vector Space},
  journal   = {CoRR},
  volume    = {abs/1301.3781},
  year      = {2013},
  url       = {http://arxiv.org/abs/1301.3781},
  archivePrefix = {arXiv},
  eprint    = {1301.3781},
  timestamp = {Mon, 13 Aug 2018 16:48:33 +0200},
  biburl    = {https://dblp.org/rec/bib/journals/corr/abs-1301-3781},
  publisher = {dblp computer science bibliography}
}

@inproceedings{Rubenstein1965ContextualCO,
  author = {Rubenstein, Herbert and Goodenough, John B.},
  description = {dblp},
  journal = {Commun. ACM},
  publisher={ACM},
  keywords = {diss16 evaluation},
  number = 10,
  pages = {627-633},
  title = {Contextual correlates of synonymy.},
  volume = 8,
  year = 1965
}





@inproceedings{GranadaSV14,
  added-at = {2017-05-24T00:00:00.000+0200},
  author = {Granada, Roger and dos Santos, Cássia Trojahn and Vieira, Renata},
  biburl = {https://www.bibsonomy.org/bibtex/2cbd537f82d1a3c393cb87ce4c6d8a7ae/dblp},
  booktitle = {PROPOR},
  crossref = {conf/propor/2014},
  editor = {Baptista, Jorge and Mamede, Nuno J. and Candeias, Sara and Paraboni, Ivandré and Pardo, Thiago Alexandre Salgueiro and das Graças Volpe Nunes, Maria},
  ee = {https://doi.org/10.1007/978-3-319-09761-9_17},
  interhash = {20102da4dca3760c48cc37b1660bd058},
  intrahash = {cbd537f82d1a3c393cb87ce4c6d8a7ae},
  isbn = {978-3-319-09760-2},
  keywords = {dblp},
  pages = {170-175},
  publisher = {Springer},
  series = {Lecture Notes in Computer Science},
  timestamp = {2018-11-15T16:00:49.000+0100},
  title = {Comparing Semantic Relatedness between Word Pairs in Portuguese Using Wikipedia.},
  url = {http://dblp.uni-trier.de/db/conf/propor/propor2014.html#GranadaSV14},
  volume = 8775,
  year = 2014
}



@inproceedings{Cotterell2015MorphologicalW,
  title={Morphological Word-Embeddings},
  author={Ryan Cotterell and Hinrich Sch{\"u}tze},
  booktitle={HLT-NAACL},
  year={2015}
}




@inproceedings{Mikolov2013DistributedRO,
title = {Distributed Representations of Words and Phrases and their Compositionality},
author = {Mikolov, Tomas and Sutskever, Ilya and Chen, Kai and Corrado, Greg S and Dean, Jeff},
booktitle = {Advances in Neural Information Processing Systems 26},
editor = {C. J. C. Burges and L. Bottou and M. Welling and Z. Ghahramani and K. Q. Weinberger},
pages = {3111--3119},
year = {2013},
publisher = {Curran Associates, Inc.},
url = {http://papers.nips.cc/paper/5021-distributed-representations-of-words-and-phrases-and-their-compositionality.pdf}
}



@inproceedings{Finkelstein:2001:PSC:371920.372094,
 author = {Finkelstein, Lev and Gabrilovich, Evgeniy and Matias, Yossi and Rivlin, Ehud and Solan, Zach and Wolfman, Gadi and Ruppin, Eytan},
 title = {Placing Search in Context: The Concept Revisited},
 booktitle = {Proceedings of the 10th International Conference on World Wide Web},
 series = {WWW '01},
 year = {2001},
 isbn = {1-58113-348-0},
 location = {Hong Kong, Hong Kong},
 pages = {406--414},
 numpages = {9},
 url = {http://doi.acm.org/10.1145/371920.372094},
 doi = {10.1145/371920.372094},
 acmid = {372094},
 publisher = {ACM},
 address = {New York, NY, USA},
 keywords = {context, invisible web, search, semantic processing, statistical natural language processing},
} 


@inproceedings{Pennington2014,
archivePrefix = {arXiv},
arxivId = {1504.06654},
author = {Pennington, Jeffrey and Socher, Richard and Manning, Christopher},
doi = {10.3115/v1/D14-1162},
eprint = {1504.06654},
isbn = {9781937284961},
issn = {10495258},
booktitle = {Proceedings of the 2014 Conference on Empirical Methods in Natural Language Processing (EMNLP)},
pages = {1532--1543},
pmid = {1710995},
title = {Glove: Global Vectors for Word Representation},
url = {http://aclweb.org/anthology/D14-1162},
year = {2014},
publisher={EMNLP}
}



@inproceedings{Bengio:2003,
 author = {Bengio, Yoshua and Ducharme, R{\'e}jean and Vincent, Pascal and Janvin, Christian},
 title = {A Neural Probabilistic Language Model},
 booktitle = {J. Mach. Learn. Res.},
 issue_date = {3/1/2003},
 volume = {3},
 month = mar,
 year = {2003},
 issn = {1532-4435},
 pages = {1137--1155},
 numpages = {19},
 url = {http://dl.acm.org/citation.cfm?id=944919.944966},
 acmid = {944966},
 publisher = {JMLR.org},
} 

@InProceedings{Bond2013LinkingAE,
  author = 	"Bond, Francis
		and Foster, Ryan",
  title = 	"Linking and Extending an Open Multilingual Wordnet",
  booktitle = 	"Proceedings of the 51st Annual Meeting of the Association for Computational Linguistics (Volume 1: Long Papers)",
  year = 	"2013",
  publisher = 	"Association for Computational Linguistics",
  pages = 	"1352--1362",
  location = 	"Sofia, Bulgaria",
  url = 	"http://aclweb.org/anthology/P13-1133"
}


@misc{wordnetOnline2010,
  author = {{Princeton University}},
  title = {About WordNet.},
  howpublished = "\url{https://wordnet.princeton.edu/}",
  year = {2010}, 
  note = "[Online; accessed 31-May-2018]"
}

@InProceedings{Fonseca2016,
author={Fonseca, Erick Rocha and Alu{\'i}sio, Sandra Maria}, 
editor={Silva, Jo{\~a}o and Ribeiro, Ricardo and Quaresma, Paulo and Adami, Andr{\'e} and Branco, Ant{\'o}nio},
title="Improving POS Tagging Across Portuguese Variants with Word Embeddings",
booktitle="Computational Processing of the Portuguese Language",
year="2016",
publisher="Springer International Publishing",
address="Cham",
pages="227--232",
abstract="Brazilian Portuguese (BP) and European Portuguese (EP) have specific NLP resources and tools for many tasks. It is generally agreed upon that applying them to the variant other than their intended one results in a performance drop; however, very little research has measured it. We evaluated a POS tagger in a cross-variant setting under multiple combinations of word embeddings, train and test corpora, and found that (i) BP is easier than EP, (ii) word embeddings help increase tagger performance significantly, but not enough to close the accuracy gap in a cross-variant setting and (iii) embeddings generated from a corpus with both variants are useful in cross-variant scenarios. While we cannot generalize observations from POS tagging to any NLP task, this is an important first step for such evaluations.",
isbn="978-3-319-41552-9"
}


@inproceedings{Hartmann2017,
  added-at = {2018-08-13T00:00:00.000+0200},
  author = {Hartmann, Nathan and Fonseca, Erick R. and Shulby, Christopher and Treviso, Marcos Vinícius and Rodrigues, Jessica and Aluísio, Sandra M.},
  biburl = {https://www.bibsonomy.org/bibtex/2487fb93bfdca0bf85f8f596b09b75941/dblp},
  ee = {http://arxiv.org/abs/1708.06025},
  interhash = {5c95c7506159eb4daa20567d04531ff8},
  intrahash = {487fb93bfdca0bf85f8f596b09b75941},
  publisher = {CoRR},
  keywords = {dblp},
  timestamp = {2018-08-14T13:29:48.000+0200},
  title = {Portuguese Word Embeddings: Evaluating on Word Analogies and Natural Language Tasks.},
  url = {http://dblp.uni-trier.de/db/journals/corr/corr1708.html#abs-1708-06025},
  volume = {abs/1708.06025},
  year = 2017
}



@InProceedings{Ling:2015:naacl,
author = {Ling, Wang and Dyer, Chris and Black, Alan and Trancoso, Isabel},
title="Two/Too Simple Adaptations of word2vec for Syntax Problems",
booktitle="Proceedings of the 2015 Conference of the North American Chapter of the Association for Computational Linguistics: Human Language Technologies",
year="2015",
publisher="Association for Computational Linguistics",
location="Denver, Colorado",
}

@inproceedings{bojanowski2016enriching,
  title={Enriching Word Vectors with Subword Information},
  author={Piotr Bojanowski and
               Edouard Grave and
               Armand Joulin and
               Tomas Mikolov},
  booktitle={CoRR},
  year={2016},
  publisher="dblp computer science bibliography",
}

@book{bick2000palavras,
  added-at = {2009-09-27T13:00:05.000+0200},
  address = {Århus},
  author = {Bick, Eckhard},
  biburl = {https://www.bibsonomy.org/bibtex/2c28cf7e8f5dff686fdbe9fffd0f4334e/unhammer},
  interhash = {27da74ab182a9bfd4139da0be01495f2},
  intrahash = {c28cf7e8f5dff686fdbe9fffd0f4334e},
  keywords = {CG Portuguese apertium semantics toread},
  publisher = {University of Arhus},
  timestamp = {2009-09-27T13:00:05.000+0200},
  title = {{The Parsing System “Palavras”. Automatic Grammatical Analysis of Portuguese in a Constraint Grammar Framework}},
  year = 2000
}


@book{fellbaum1998,
  added-at = {2007-03-03T20:12:40.000+0100},
  address ={Cambridge, MA},
  author = {Fellbaum, C.},
  biburl = {https://www.bibsonomy.org/bibtex/200d7389fe46211a2c9d2bbcc9781117f/davids},
  interhash = {42daa1681607dd1d3f3234c605d84ec3},
  intrahash = {00d7389fe46211a2c9d2bbcc9781117f},
  keywords = {wordnet},
  publisher = {MIT Press},
  timestamp = {2007-03-03T20:12:40.000+0100},
  title = {WordNet -- An Electronic Lexical Database},
  year = 1998
}


  
@inproceedings{coling2012,
  author = {de Paiva, Valeria and Rademaker, Alexandre and de Melo, Gerard},
  title = {OpenWordNet-PT: An Open {B}razilian {W}ordnet for Reasoning},
  booktitle = {Proceedings of COLING 2012: Demonstration Papers},
  month = dec,
  year = {2012},
  address = {Mumbai, India},
  publisher = {The COLING 2012 Organizing Committee},
  pages = {353--360},
  url = {http://www.aclweb.org/anthology/C12-3044},
  note = {Published also as Techreport
                    http://hdl.handle.net/10438/10274}
}



@article{Harris1954,
  added-at = {2010-08-05T14:23:58.000+0200},
  author = {Harris, Zellig},
  biburl = {https://www.bibsonomy.org/bibtex/252e7950c31610617170d71c320f2252e/tgunkel},
  interhash = {a23596808b6273076e1259dedca16330},
  intrahash = {52e7950c31610617170d71c320f2252e},
  journal = {Word},
  address={Routledge},
  key = {Harris},
  keywords = {diplom distributional},
  number = 23,
  pages = {146--162},
  timestamp = {2010-08-05T14:23:59.000+0200},
  title = {Distributional structure},
  volume = 10,
  year = 1954
}





@article{Erkan2004LexRankGL,
  title={LexRank: Graph-based Lexical Centrality as Salience in Text Summarization},
  author={G{\"u}nes Erkan and Dragomir R. Radev},
  journal={J. Artif. Intell. Res.},
  year={2004},
  volume={22},
  pages={457-479}
}

@article{Ko2004ImprovingTC,
  title={Improving text categorization using the importance of sentences},
  author={Youngjoong Ko and Jinwoo Park and Jungyun Seo},
  journal={Inf. Process. Manage.},
  year={2004},
  volume={40},
  pages={65-79}
}

@inproceedings{Islam2007ApplicationsOC,
  added-at = {2008-07-14T00:00:00.000+0200},
  author = {Islam, Aminul and Inkpen, Diana Zaiu and Kiringa, Iluju},
  biburl = {https://www.bibsonomy.org/bibtex/2c87cce671a08c921126e10b7e5ca7a97/dblp},
  date = {2008-07-14},
  description = {dblp},
  ee = {http://dx.doi.org/10.1007/s00778-007-0067-9},
  interhash = {c04aa56324653e0071daebdca3b9018b},
  intrahash = {c87cce671a08c921126e10b7e5ca7a97},
  publisher = {VLDB J.},
  keywords = {dblp},
  number = 5,
  pages = {1293-1320},
  timestamp = {2008-07-15T12:00:19.000+0200},
  title = {Applications of corpus-based semantic similarity and word segmentation to database schema matching.},
  url = {http://dblp.uni-trier.de/db/journals/vldb/vldb17.html#IslamIK08},
  volume = 17,
  year = 2008
}




@inproceedings{Hatzlvassiloglou1999DetectingTS,
  title={Detecting Text Similarity over Short Passages: Exploring Linguistic Feature Combinations via Machine Learning},
  author={Vasileios Hatzlvassiloglou and Judith L. Klavans and Eleazar Eskin},
  booktitle={EMNLP},
  year={1999}
}

@book{zgusta1971manual,
  title={Manual of lexicography},
  author={Zgusta, L. and Cerny, V.},
  isbn={9783111349183},
  series={Janua Linguarum. Series Maior},
  url={https://books.google.com.br/books?id=aZyBzC212BoC},
  year={1971},
  address={Germany},
  publisher={Walter de Gruyter, 2010}
}

@book{Jurafsky:2009:SLP:1214993,
 author = {Jurafsky, Daniel and Martin, James H.},
 title = {Speech and Language Processing (2Nd Edition)},
 year = {2009},
 isbn = {0131873210},
 publisher = {Prentice-Hall, Inc.},
 address = {Upper Saddle River, NJ, USA},
} 

@book{cruse1986lexical,
  added-at = {2008-03-17T11:27:54.000+0100},
  address = {Cambridge},
  author = {Cruse, D. A.},
  biburl = {https://www.bibsonomy.org/bibtex/268e7f46be72771d7763f4229376097e4/nlp},
  interhash = {3f0a9872834fb9128c9a853658c8622d},
  intrahash = {68e7f46be72771d7763f4229376097e4},
  keywords = {2000 book nlp},
  publisher = {Cambridge University Press},
  timestamp = {2008-03-17T11:32:45.000+0100},
  title = {Lexical Semantics},
  year = 1986
}



@article{lyons1995linguistic,
  added-at = {2012-12-12T00:00:00.000+0100},
  author = {Akman, Varol},
  biburl = {https://www.bibsonomy.org/bibtex/2ac3659e953504dd92e57ddf8a3b11e64/dblp},
  ee = {http://dx.doi.org/10.1017/S1351324997231384},
  interhash = {d45742148712a6fe6e19b5589c9d1095},
  intrahash = {ac3659e953504dd92e57ddf8a3b11e64},
  journal = {Natural Language Engineering},
  keywords = {dblp},
  number = 1,
  pages = {89-95},
  address= {Cambridge, UK},
  timestamp = {2012-12-13T11:35:08.000+0100},
  title = {John Lyons, Linguistic Semantics: An Introduction.},
  url = {http://dblp.uni-trier.de/db/journals/nle/nle3.html#Akman97},
  volume = 3,
  year = 1997,
  publisher={Cambridge University Press}
}





@inproceedings{Agirre2009,
	doi = {10.3115/1620754.1620758},
	url = {https://doi.org/10.3115%2F1620754.1620758},
	year = 2009,
	publisher = {Association for Computational Linguistics},
	author = {Agirre, Eneko and Alfonseca, Enrique and Hall, Keith and Kravalova, Jana and Paşca, Marius and Soroa, Aitor},
	title = {{A study on similarity and relatedness using distributional and WordNet-based approaches}},
	booktitle = {Proceedings of Human Language Technologies: The 2009 Annual Conference of the North American Chapter of the Association for Computational Linguistics on - NAACL '09},
}

@inproceedings{gonccalo2018distributional,
  title={Distributional and Knowledge-Based Approaches for Computing Portuguese Word Similarity},
  author={Gon{\c{c}}alo Oliveira, Hugo},
  booktitle={Information},
  volume={9},
  number={2},
  pages={35},
  year={2018},
  publisher={Multidisciplinary Digital Publishing Institute}
}

@article{Bullinaria2012,
author = {Bullinaria, John A. and Levy, Joseph P.},
doi = {10.3758/s13428-011-0183-8},
file = {:Users/eberlitz/Desktop/articles tcc/10.1.1.228.9582.pdf:pdf},
isbn = {1342801101838},
issn = {1554351X},
journal = {Behavior Research Methods},
keywords = {Corpus statistics,SVD,Semantic representation},
mendeley-groups = {TCC1},
number = {3},
pages = {890--907},
pmid = {22258891},
title = {{Extracting semantic representations from word co-occurrence statistics: Stop-lists, stemming, and SVD}},
volume = {44},
year = {2012}
}


@inproceedings{Pilehvar2013,
  author    = {Mohammad Taher Pilehvar and
               David Jurgens and
               Roberto Navigli},
  title     = {Align, Disambiguate and Walk: A Unified Approach for Measuring Semantic
               Similarity},
  booktitle = {Proceedings of the 51st Annual Meeting of the Association for Computational Linguistics},
  pages     = {1341--1351},
  volume = 1,
  address = {Sofia, Bulgaria},
  publisher = {ACL},
  year      = {2013}
}


@article{Han2013,
author = {Han, Lushan and Kashyap, Abhay and Finin, Tim and Mayfield, James and Weese, Jonathan},
file = {:Users/eberlitz/Desktop/articles tcc/S13-1005.pdf:pdf},
isbn = {9781937284480},
journal = {Proceedings of the 2nd Joint Conference on Lexical and Computational Semantics},
pages = {44--52},
title = {{UMBC{\_}EBIQUITY-CORE: Semantic Textual Similarity Systems}},
url = {http://www.aclweb.org/anthology/S13-1005},
volume = {1},
year = {2013}
}


@inproceedings{Levy2014,
  added-at = {2014-12-13T13:15:51.000+0100},
  address = {Baltimore, Maryland},
  author = {Levy, Omer and Goldberg, Yoav},
  biburl = {https://www.bibsonomy.org/bibtex/2c08ef42c3320976b65a9833180815f0e/gchrupala},
  booktitle = {Proceedings of the 52nd Annual Meeting of the Association for Computational Linguistics (Volume 2: Short Papers)},
  interhash = {ec04086ee882f28c71d67260e100f2e5},
  intrahash = {c08ef42c3320976b65a9833180815f0e},
  keywords = {imported},
  month = {June},
  pages = {302--308},
  publisher = {Association for Computational Linguistics},
  timestamp = {2014-12-13T13:16:07.000+0100},
  title = {Dependency-Based Word Embeddings},
  url = {http://www.aclweb.org/anthology/P14-2050},
  year = 2014
}





@inproceedings{Leeuwenberga2016,
  added-at = {2017-09-22T10:27:18.000+0200},
  author = {Leeuwenberg, Artuur and Vela, Mihaela and Dehdari, Jon and Genabithb, Josef van},
  biburl = {https://www.bibsonomy.org/bibtex/27ec9c6ef72fe81ad22953b1ca8eaa43e/ckiesl},
  interhash = {e5c4ee21fcfb88fba0ace60452a6f2e7},
  intrahash = {7ec9c6ef72fe81ad22953b1ca8eaa43e},
  publisher = {The Prague Bulletin of Mathematical Linguistics},
  keywords = {Synonym-Mining Word-Embeddings},
  language = {English},
  month = {APRIL },
  number = 105,
  pages = {111-142},
  timestamp = {2017-09-22T10:27:18.000+0200},
  title = {A Minimally Supervised Approach for Synonym Extraction with Word Embeddings},
  url = {https://ufal.mff.cuni.cz/pbml/105/art-leeuwenberg-et-al.pdf%3E},
  year = 2016
}




% --------------------------------




@InProceedings{Anderson95,
	author = "Thomas E. Anderson and Michael D. Dahlin and Jeanna M. Neefe and David A. Patterson and Drew S. Roselli and Randolph Y. Wang",
	title = "Serverless Network File Systems",
	booktitle = "Proc.\ of the 15th Symposium on Operating Systems Principles",
	year = "1995",
	pages = "109--126",
	address = "Copper Mountain Resort, Colorado",
}

@InProceedings{Baumann09,
	author = "Baumann, Andrew and Barham, Paul and Dagand, Pierre-Evariste and Harris, Tim and Isaacs, Rebecca and Peter, Simon and Roscoe, Timothy and Sch{\"u}pbach, Adrian and Singhania, Akhilesh",
	title = "The {M}ultikernel: a New {OS} Architecture for Scalable Multicore Systems",
	booktitle = "Proc.\ of the 22nd ACM SIGOPS Symposium on Operating Systems Principles",
	address = "Big Sky, Montana, USA",
	year = 2009,
	pages = "29--44",
	isbn = "978-1-60558-752-3",
	doi = "10.1145/1629575.1629579",
}

@Manual{Biblioteca11,
	organization = "Biblioteca da UNISINOS",
	title = "Guia para Elabora{\c{c}}{\~a}o de Trabalhos Acad{\^e}micos (Artigo de Peri{\'o}dico, Disserta{\c{c}}{\~a}o, Projeto, Trabalho de Conclus{\~a}o de Curso e Tese)",
	address = "S{\~a}o Leopoldo",
	publisher = "Biblioteca da UNISINOS",
	year = 2011,
	note = "Dispon{\'\i}vel em: $<$http://www.unisinos.br/biblioteca/images/stories/downloads/guia\_biblioteca\_abnt\_2011.pdf$>$. Acesso em: 15 jun.~2011",
}

@Manual{Biblioteca12,
	organization = "Biblioteca da UNISINOS",
	title = "Guia para Elabora{\c{c}}{\~a}o de Trabalhos Acad{\^e}micos (Artigo de Peri{\'o}dico, Disserta{\c{c}}{\~a}o, Projeto, Relat{\'o}rio T{\'e}cnico e/ou Cient{\'\i}fico, Trabalho de Conclus{\~a}o de Curso e Tese)",
	address = "S{\~a}o Leopoldo",
	publisher = "Biblioteca da UNISINOS",
	year = 2012,
	note = "Dispon{\'\i}vel em: $<$http://www.unisinos.br/biblioteca/images/stories/downloads/guia-biblioteca-2012-v2.pdf$>$. Acesso em: set.~2012",
}

@Book{Buford09,
	author = "John F. Buford and Heather Yu and Eng Keong Lua",
	title = "{P2P}: Networking and Applications",
	address = "Burlington, MA",
	publisher = "Morgan Kaufmann",
	year = 2009,
}

@Misc{Cham12,
	author = "Jorge Cham",
	title = "Ph{D} Comics",
	year = 2012,
	note = "Dispon{\'\i}vel em: <http://phd.stanford.edu/comics>. Acesso em: ago.~2012",
}

@PhDThesis{Flaumann05,
	author = "Fritz Gutenberg Flaumann",
	title = "Uma Proposta de Distribui{\c{c}}{\~a}o do Servidor de {GNU}s em Clusters",
	school = "Programa de P{\'o}s-Gradua{\c{c}}{\~a}o em Computa{\c{c}}{\~a}o, UFRGS",
	address = "Porto~Alegre",
	year = 2005,
	pages = 125,
}

@Article{Hayes08,
	author = "Brian Hayes",
	title = "Cloud Computing",
	journal = "Communications of the ACM",
	volume = 51,
	number = 7,
	address = "New York",
	month = jul,
	year = 2008,
	pages = "9--11",
	doi = "10.1145/1364782.1364786",
}

@InProceedings{Hermann06b,
	author = "E. Hermann and R. B. {\'A}vila and P. Navaux and Y. Denneulin",
	title = "Metaserver Locality and Scalability in a Distributed {NFS}",
	pages = "145--157",
	doi = "10.1007/978-3-540-71351-7_12",
	series = "Lecture Notes in Computer Science",
	volume = 4395,
	year = 2007,
	booktitle = "Proc.\ of the 7th~International Meeting on High Performance Computing for Computational Science, VECPAR~2006",
	address = "Rio de Janeiro",
}

@Misc{Hexsel11,
	author = "R. Hexsel",
	title = "Pequeno Manual da Escrita T{\'e}cnica",
	year = 2011,
	note = "Dispon{\'\i}vel em: $<$http://www.inf.ufpr.br/info/techrep/RT\_DINF004\_2004.pdf$>$. Acesso em: 1 maio 2011",
}

@inproceedings{Rodrigues2016LXDSemVectorsDS,
author="Rodrigues, Jo{\~a}o
and Branco, Ant{\'o}nio
and Neale, Steven
and Silva, Jo{\~a}o",
editor="Silva, Jo{\~a}o
and Ribeiro, Ricardo
and Quaresma, Paulo
and Adami, Andr{\'e}
and Branco, Ant{\'o}nio",
title="LX-DSemVectors: Distributional Semantics Models for Portuguese",
booktitle="Computational Processing of the Portuguese Language",
year="2016",
publisher="Springer International Publishing",
address="Cham",
pages="259--270",
abstract="In this article we describe the creation and distribution of the first publicly available word embeddings for Portuguese. Our embeddings are evaluated on their own and also compared with the original English models on a well-known analogy task. We gathered a large Portuguese corpus of 1.7 billion tokens, developed the first distributional semantic analogies test set for Portuguese, and proceeded with the first parametrization and evaluation of Portuguese word embeddings models.",
isbn="978-3-319-41552-9"
}


@Book{Kurose10ptbr,
	author = "James F. Kurose and Keith W. Ross",
	title = "Redes de Computadores e a {I}nternet: uma Abordagem Top-down",
	address = "S{\~a}o~Paulo",
	publisher = "Addison Wesley",
	year = 2010,
	edition = "Fifth",
}

@InProceedings{Laadan10,
	author = "Oren Laadan and Jason Nieh",
	title = "Operating System Virtualization: Practice and Experience",
	booktitle = "Proceedings of the 3rd Annual Haifa Experimental Systems Conference",
	address = "Haifa, Israel",
	year = 2010,
	isbn = "978-1-60558-908-4",
	doi = "10.1145/1815695.1815717",
}

@Article{Lawton08,
	author = "George Lawton",
	title = "Moving the {OS} to the Web",
	journal = "IEEE Computer",
	volume = 41,
	number = 3,
	address = "Los Alamitos",
	month = mar,
	year = 2008,
	pages = "16--19",
	doi = "10.1109/MC.2008.94",
}

@Misc{Moro11,
	author = "Moro, M.",
	title = "A Arte de Escrever Artigos Cient{\'\i}ficos",
	year = 2011,
	note = "Dispon{\'\i}vel em: $<$http://homepages.dcc.ufmg.br/$\sim$mirella/doku.php?id=escrita$>$. Acesso em: 1 maio 2011",
}

@Manual{NBR6023:2002,
	organization = "Associa{\c{c}}{\~a}o Brasileira de Normas T{\'e}cnicas",
	title = "{NBR}~6023: Informa{\c{c}}{\~a}o e Documenta{\c{c}}{\~a}o -- Refer{\^e}ncias -- Elabora{\c{c}}{\~a}o",
	address = "Rio de Janeiro",
	year = 2002,
}

@Book{Tanenbaum03,
	author = "Andrew S. Tanenbaum",
	title = "Computer Networks",
	booktitle = "Computer Networks",
	publisher = "Prentice Hall PTR",
	year = 2003,
	address = "Upper Saddle River",
	edition = "Fourth",
	pages = 892,
}

@InBook{Tanenbaum03cap5,
	crossref = "Tanenbaum03",
	title = "The Network Layer",
	chapter = 5,
	pages = "343--480",
}

@MastersThesis{Teixeira09,
	author = "Marcelo Alves Teixeira",
	title = "lattes2latex: Uma Ferramenta para Conversão de Currículos {L}attes em Documentos {L}a{T}e{X}",
	year = 2009,
	type = "Trabalho de Conclus{\~a}o de Curso (Bacharelado em Ci{\^e}ncia da Computa{\c{c}}{\~a}o)",
	school = "Instituto de Inform{\'a}tica, Universidade Federal do Rio Grande do Sul",
	address = "Porto Alegre",
	pages = 82,
}
